<record><leader>00000cas a22000007a 4500</leader><controlfield tag="001">32688061</controlfield><controlfield tag="008">950622d19371993vauir ne      0    0eng d</controlfield><datafield ind1=" " ind2=" " tag="010"><subfield code="a">sn 95079192 </subfield></datafield><datafield ind1=" " ind2=" " tag="040"><subfield code="a">NVK</subfield><subfield code="b">eng</subfield><subfield code="c">NVK</subfield><subfield code="d">OCLCQ</subfield><subfield code="d">OCLCF</subfield><subfield code="d">OCLCO</subfield></datafield><datafield ind1="1" ind2=" " tag="029"><subfield code="a">AU@</subfield><subfield code="b">000011783265</subfield></datafield><datafield ind1=" " ind2=" " tag="042"><subfield code="a">msc</subfield></datafield><datafield ind1=" " ind2=" " tag="043"><subfield code="a">n-us-va</subfield></datafield><datafield ind1="0" ind2=" " tag="130"><subfield code="a">Galax gazette (Galax, Va.)</subfield></datafield><datafield ind1="1" ind2="0" tag="245"><subfield code="a">Galax gazette.</subfield></datafield><datafield ind1=" " ind2=" " tag="260"><subfield code="a">Galax, Va. :</subfield><subfield code="b">H.B. Zabriskie</subfield></datafield><datafield ind1=" " ind2=" " tag="310"><subfield code="a">Triweekly</subfield></datafield><datafield ind1=" " ind2=" " tag="321"><subfield code="a">Semiweekly,</subfield><subfield code="b">&lt;1937-1940&gt;</subfield></datafield><datafield ind1="1" ind2=" " tag="362"><subfield code="a">Began in 1937? Ceased by 1993?</subfield><subfield code="z">Cf. Ayer/Gale.</subfield></datafield><datafield ind1=" " ind2=" " tag="588"><subfield code="a">Description based on: 61st year, no. 25 (Mar. 29, 1937).</subfield></datafield><datafield ind1=" " ind2=" " tag="588"><subfield code="a">Latest issue consulted: 78th year, no. 95 (Dec. 3, 1953).</subfield></datafield><datafield ind1=" " ind2="0" tag="651"><subfield code="a">Galax (Va.)</subfield><subfield code="v">Newspapers.</subfield></datafield><datafield ind1=" " ind2="0" tag="651"><subfield code="a">Grayson County (Va.)</subfield><subfield code="v">Newspapers.</subfield></datafield><datafield ind1=" " ind2="0" tag="651"><subfield code="a">Carroll County (Va.)</subfield><subfield code="v">Newspapers.</subfield></datafield><datafield ind1=" " ind2="7" tag="655"><subfield code="a">Newspapers.</subfield><subfield code="2">fast</subfield><subfield code="0">(OCoLC)fst01423814</subfield></datafield><datafield ind1=" " ind2="7" tag="651"><subfield code="a">Virginia</subfield><subfield code="z">Carroll County.</subfield><subfield code="2">fast</subfield><subfield code="0">(OCoLC)fst01207806</subfield></datafield><datafield ind1=" " ind2="7" tag="651"><subfield code="a">Virginia</subfield><subfield code="z">Galax.</subfield><subfield code="2">fast</subfield><subfield code="0">(OCoLC)fst01225023</subfield></datafield><datafield ind1=" " ind2="7" tag="651"><subfield code="a">Virginia</subfield><subfield code="z">Grayson County.</subfield><subfield code="2">fast</subfield><subfield code="0">(OCoLC)fst01226015</subfield></datafield><datafield ind1=" " ind2=" " tag="752"><subfield code="a">United States</subfield><subfield code="b">Virginia</subfield><subfield code="d">Galax.</subfield></datafield><datafield ind1="0" ind2="0" tag="780"><subfield code="t">Grayson-Carroll gazette</subfield><subfield code="w">(DLC)sn 95079186</subfield></datafield><datafield ind1="0" ind2="0" tag="785"><subfield code="t">Gazette (Galax, Va.)</subfield><subfield code="w">(DLC)sn 99066749</subfield></datafield></record>